@article{ontology,
  author    = {Xiaowang Zhang and
               Zuoquan Lin},
  title     = {An argumentation framework for description logic ontology reasoning
               and management},
  journal   = {J. Intell. Inf. Syst.},
  volume    = {40},
  number    = {3},
  pages     = {375--403},
  year      = {2013},
  url       = {https://doi.org/10.1007/s10844-012-0230-7},
  doi       = {10.1007/s10844-012-0230-7},
  timestamp = {Fri, 26 May 2017 22:55:03 +0200},
  biburl    = {https://dblp.org/rec/journals/jiis/ZhangL13.bib},
  bibsource = {dblp computer science bibliography, https://dblp.org}
}



@article{theocrasto,
	author    = {Theofrastos Mantadelis and
	Stefano Bistarelli},
	title     = {Probabilistic abstract argumentation frameworks, a possible world
	view},
	journal   = {Int. J. Approx. Reason.},
	volume    = {119},
	pages     = {204--219},
	year      = {2020}
}

@inproceedings{subjectivesantini,
	author    = {Francesco Santini and
	Audun J{\o}sang and
	Maria Silvia Pini},
	title     = {Are My Arguments Trustworthy? Abstract Argumentation with Subjective
	Logic},
	booktitle = {21st International Conference on Information Fusion, {FUSION}},
	pages     = {1982--1989},
	publisher = {{IEEE}},
	year      = {2018}
}


@article{introduction,
	author    = {Pietro Baroni and
	Martin Caminada and
	Massimiliano Giacomin},
	title     = {An introduction to argumentation semantics},
	journal   = {Knowl. Eng. Rev.},
	volume    = {26},
	number    = {4},
	pages     = {365--410},
	year      = {2011}
}


@incollection{CGTW2018,
	author    = {Federico Cerutti and Sarah Alice Gaggl and Matthias Thimm and
	Johannes Peter Wallner},
	title     = {Foundations of Implementations for Formal Argumentation},
	editor    = {Pietro Baroni; Dov Gabbay; Massimiliano Giacomin; Leendert van
	der Torre},
	booktitle = {Handbook on Formal Argumentation},
	publisher = {College Publications},
	year      = {2018},
	month     = {February},
	pages     = {688-767}
}

@inproceedings{eager,
	title={Comparing two unique extension semantics for formal argumentation: ideal and eager},
	author={Caminada, Martin},
	booktitle={Belgian-Dutch conference on artificial intelligence (BNAIC)},
	pages={81--87},
	year={2007}
}

@article{DungMT:2007,
	Author = {Phan Minh Dung and Paolo Mancarella and Francesca Toni},
	Title = {Computing ideal sceptical argumentation},
	Journal = {Artificial Intelligence},
	Volume = {171},
	Number = {10--15},
	Year = {2007},
	Pages = {642--674}}

@INPROCEEDINGS{Verheij:1996,
	author = {Bart Verheij},
	title = {Two approaches to dialectical argumentation: admissible sets and
	argumentation stages},
	booktitle = {Proceedings of the 8th Dutch Conference on Artificial Intelligence (NAIC'96)},
	shortbooktitle = {Proc.\ NAIC},
	year = {1996},
	ceditor = { John-Jules C. Meyer and Linda C. {van der Gaag}},
	pages = {357--368}
}


@article{CaminadaCD12,
	author    = {Martin Caminada and
	Walter Alexandre Carnielli and
	Paul E. Dunne},
	title     = {Semi-stable semantics},
	journal   = {J. Log. Comput.},
	volume    = {22},
	number    = {5},
	pages     = {1207--1254},
	year      = {2012}
}

@article{Caminada2006,
	author= {Martin Caminada},
	title= {On the Issue of Reinstatement in Argumentation},
	journal= {Logics in Artificial Intelligence: 10th European Conference, {JELIA}},
	year= {2006},
	publisher= {Springer Berlin Heidelberg},
	pages= {111--123},
	isbn= {978-3-540-39627-7}
}


@inproceedings{governatoriprob,
	author    = {R{\'{e}}gis Riveret and
	Guido Governatori},
	title     = {On Learning Attacks in Probabilistic Abstract Argumentation},
	booktitle = {Proceedings of the 2016 International Conference on Autonomous Agents
	{\&} Multiagent Systems},
	pages     = {653--661},
	publisher = {{ACM}},
	year      = {2016}
}


@article{caminadaprop,
	author    = {Martin W. A. Caminada and
	Dov M. Gabbay},
	title     = {A Logical Account of Formal Argumentation},
	journal   = {Stud Logica},
	volume    = {93},
	number    = {2-3},
	pages     = {109--145},
	year      = {2009}
}


@article{japprox18,
	author    = {Stefano Bistarelli and
	Fabio Rossi and
	Francesco Santini},
	title     = {A novel weighted defence and its relaxation in abstract argumentation},
	journal   = {Int. J. Approx. Reason.},
	volume    = {92},
	pages     = {66--86},
	year      = {2018}
}



@book{subjectivebook,
	author    = {Audun J{\o}sang},
	title     = {Subjective Logic - {A} Formalism for Reasoning Under Uncertainty},
	series    = {Artificial Intelligence: Foundations, Theory, and Algorithms},
	publisher = {Springer},
	year      = {2016},
	url       = {https://doi.org/10.1007/978-3-319-42337-1},
	doi       = {10.1007/978-3-319-42337-1},
	isbn      = {978-3-319-42335-7}
}


@inproceedings{rankingamgoud,
	author    = {Leila Amgoud and
	Jonathan Ben{-}Naim and
	Dragan Doder and
	Srdjan Vesic},
	title     = {Acceptability Semantics for Weighted Argumentation Frameworks},
	booktitle = {Proceedings of the Twenty-Sixth International Joint Conference on
	Artificial Intelligence},
	pages     = {56--62},
	publisher = {ijcai.org},
	year      = {2017}
}



@article{dung,
	author = {P. M. Dung},
	title = {On the acceptability of arguments and its fundamental role in nonmonotonic reasoning, logic programming and n-person games},
	journal = {Artificial Intelligence},
	volume = {77},
	number = {2},
	year = {1995},
	issn = {0004-3702},
	pages = {321--357},
	doi = {http://dx.doi.org/10.1016/0004-3702(94)00041-X},
	publisher = {Elsevier Science Publishers Ltd.},
	address = {Essex, UK},
}


@article{hunter2013,
	author = {Hunter, Anthony},
	title = {A Probabilistic Approach to Modelling Uncertain Logical Arguments},
	journal = {Int. J. Approx. Reasoning},
	issue_date = {January, 2013},
	volume = {54},
	number = {1},
	year = {2013},
	issn = {0888-613X},
	pages = {47--81},
	publisher = {Elsevier Science Inc.}
} 

@inproceedings{dungtang10,
	author    = {Phan Minh Dung and
	Phan Minh Thang},
	title     = {Towards (Probabilistic) Argumentation for Jury-based Dispute Resolution},
	booktitle = {Computational Models of Argument: Proceedings of {COMMA}},
	pages     = {171--182},
	year      = {2010},
	series    = {{FAIA}},
	volume    = {216},
	publisher = {{IOS} Press}
}

@inproceedings{lon11,
	author    = {Hengfei Li and
	Nir Oren and
	Timothy J. Norman},
	title     = {Probabilistic Argumentation Frameworks},
	booktitle = {Theorie and Applications of Formal Argumentation - First International
	Workshop, {TAFA}},
	pages     = {1--16},
	year      = {2011},
	series    = {{LNCS}},
	volume    = {7132},
	publisher = {Springer},
}


@inproceedings{woltranprob,
	author    = {Dragan Doder and
	Stefan Woltran},
	title     = {Probabilistic Argumentation Frameworks - {A} Logical Approach},
	booktitle = {Scalable Uncertainty Management {SUM}},
	pages     = {134--147},
	year      = {2014},
	series    = {{LNCS}},
	volume    = {8720},
	publisher = {Springer}
}


@article{parisi,
	author    = {Bettina Fazzinga and
	Sergio Flesca and
	Francesco Parisi},
	title     = {On the Complexity of Probabilistic Abstract Argumentation Frameworks},
	journal   = {{ACM} Trans. Comput. Log.},
	volume    = {16},
	number    = {3},
	pages     = {22:1--22:39},
	year      = {2015},
}


@inproceedings{vicig,
	author    = {Pietro Baroni and
	Massimiliano Giacomin and
	Paolo Vicig},
	title     = {On Rationality Conditions for Epistemic Probabilities in Abstract
	Argumentation},
	booktitle = {Computational Models of Argument - Proceedings of {COMMA}},
	pages     = {121--132},
	year      = {2014},
	series    = {{FAIA}},
	volume    = {266},
	publisher = {{IOS} Press},
}


@inproceedings{thimm2012,
	author    = {Matthias Thimm},
	title     = {A Probabilistic Semantics for abstract Argumentation},
	booktitle = {{ECAI} - 20th European Conference on Artificial Intelligence},
	pages     = {750--755},
	year      = {2012},
	series    = {{FAIA}},
	volume    = {242},
	publisher = {{IOS} Press},
}

@article{thimmhunter2017,
	author    = {Anthony Hunter and
	Matthias Thimm},
	title     = {Probabilistic Reasoning with Abstract Argumentation Frameworks},
	journal   = {J. Artif. Intell. Res.},
	volume    = {59},
	pages     = {565--611},
	year      = {2017}
}